@inbook{incollection,
	author = {J. B. Anderson and K. Tepe},
    editor = {Brian Marcus and Joachim Rosenthal},
	title = {Properties of the Tailbiting {BCJR} Decoder},
	booktitle = {Codes, Systems and Graphical Models},
	publisher = {Springer-Verlag},
	location = {New York, NY, USA},
	year = {2000}, 
    doi = {10.1007/978-1-4613-0165-3_12}
}

@book{bookwitheditor,
	editor = {J. C. Candy and G. C. Temes},
	title = {Oversampling Delta-Sigma Data Converters Theory,
	Design and Simulation},
	publisher = {{IEEE} Press},
	location = {Piscataway, NJ, USA},
	year = {1992},
}

@article{articlelargepages,
	author = {A. Castaldini and A. Cavallini and B. Fraboni
	and Paloma {Fernández Sánchez} and Francisco Javier {Piqueras de Noriega}},
	title = {Midgap Traps Related to Compensation Processes in
	{CdTe} Alloys},
	journal = {Physical Review B},
	volume = {56},
	number = {23},
	year = {1997},
	pages = {14897-14900},
    doi = {10.1103/PhysRevB.56.14897}
}

@article{dawson,
    author = {Dawson, R. M. A. and Shen, Z. and Furst, D. A. and Connor, S. and Hsu, J. and Kane, M. G. and Stewart, R. G. and Ipri, A. and King, C. N. and Green, P. J. and Flegal, R. Y. and Pearson, S. and Barrow, W. A. and Dickey, E. and Ping, K. and Tang, C. W. and Van Slyke, S. and Chen, F. and Shi, J. and Sturm, J. C. and Lu, M. H.},
    title = {Design of an improved Pixel for a Polysilicon Active-Matrix Organic {LED} Display},
    journal = {SID Symposium Digest of Technical Papers},
    volume = {29},
    number = {1},
    pages = {11-14},
    doi = {10.1889/1.1833705},
    year = {1998}
}

@online{ieec,
    organization = {{Institut d'Estudis Espacials de Catalunya}},
    title = {A sample of more than 3600 {Ia} supernovae could change how to measure the expansion history of the Universe},
    date = {2025-02-14},
    url = {https://www.ieec.cat/en/a-sample-of-more-than-3600-ia-supernovae-could-change-how-to-measure-the-expansion-history-of-the-universe/},
}

@incollection{Li2007,
    author = {Baohua Li and Yingchun Zhang and Huayi Li and Changhong Wang},
    title = {A star tracking algorithm suitable for star sensor},
    maintitle = {Fundamental Problems of Optoelectronics and Microelectronics III},
    booktitle = {Proceedings of SPIE 6595},
    editor = {Yuri N. Kulchin and Jinping Ou and Oleg B. Vitrik and Zhi Zhou},
    location = {Harbin, China},
    eid = {659523},
    date = {2006-09-12/2006-09-14},
    doi = {10.1117/12.725807},
}